@article{itutg1032,
  booktitle={SERIES G: TRANSMISSION SYSTEMS AND MEDIA, DIGITAL SYSTEMS AND NETWORKS},
  title={{ITU-T Recommendation G.1032: Influence factors on gaming quality of experience}},
  year={2017},
  url={http://handle.itu.int/11.1002/1000/13396},
  month={Oct},
}

@INPROCEEDINGS{7965676,
author={S. Schmidt and S. Zadtootaghaj and S. Möller},
booktitle={2017 Ninth International Conference on Quality of Multimedia Experience (QoMEX)},
title={Towards the delay sensitivity of games: There is more than genres},
year={2017},
volume={},
number={},
pages={1-6},
keywords={cloud computing;computer games;quality of experience;QoE;annoyance;bandwidth bottleneck;cloud gaming;control;delay perception;difficulty;fairness;future delay sensitivity based classification;input action metrics;judgement process;latency bottleneck;Avatars;Cloud gaming;Delays;Sensitivity;Gaming;QoE;classification;evaluation methods},
doi={10.1109/QoMEX.2017.7965676},
ISSN={},
month={May},
}

@inproceedings{Metzger+2016,
  author={Florian Metzger and Albert Rafetseder and Christian Schwartz},
  title={A Comprehensive End-to-End Lag Model for Online and Cloud Video Gaming},
  year=2016,
  booktitle={PQS 2016 5th ISCA/DEGA Workshop on Perceptual Quality of Systems},
  doi={10.21437/PQS.2016-5},
  url={http://dx.doi.org/10.21437/PQS.2016-5},
  pages={20--24}
}

@article{Claypool:2006:LPA:1167838.1167860,
  author = {Claypool, Mark and Claypool, Kajal},
  title = {Latency and Player Actions in Online Games},
  journal = {Commun. ACM},
  issue_date = {November 2006},
  volume = {49},
  number = {11},
  month = nov,
  year = {2006},
  issn = {0001-0782},
  pages = {40--45},
  numpages = {6},
  url = {http://doi.acm.org/10.1145/1167838.1167860},
  doi = {10.1145/1167838.1167860},
  acmid = {1167860},
  publisher = {ACM},
  address = {New York, NY, USA},
}

@article{mollertowards,
  author={Möller, S. and Antons, J.-N. and Beyer, J. and Egger, S. and Nunez Castellar, E. and Skorin-Kapov, L. and Suznjevic, M.},
  booktitle={Quality of Multimedia Experience (QoMEX), 2015 Seventh International Workshop on},
  title={{Towards a new ITU-T recommendation for subjective methods evaluating gaming QoE}},
  year={2015},
  pages={1-6},
  keywords={computer games;quality of experience;ITU-T SG12;ITU-T recommendation;International Telecommunication Union;Study Group 12;computer game;gaming QoE;gaming content;gaming quality of experience;subjective evaluation methods;Games;Interviews;Physiology;Quality assessment;Servers;Streaming media;Visualization;Computer game;ITU-T;gaming QoE;standard;subjective evaluation method},
  doi={10.1109/QoMEX.2015.7148155},
  month={May},
}
